%Mark Stillwell%
@phdthesis{stillwell2010dfc,
  author       = {Mark Stillwell},
  title        = {Dynamic Fractional Resource Scheduling for Cluster Platforms},
  type         = phd, 
  school       = uhm,
  month        = dec, 
  year         = 2010 
}


% Journal Articles
@string(jpdc = {Journal of Parallel and Distributed Computing})
@string(tpds = {{IEEE} Transactions on Parallel and Distributed Systems})
@article{stillwell2011fdr,
  author       = {Stillwell, Mark and Vivien, Fr{\'e}d{\'e}ric and Casanova, Henri},
  title        = {Dynamic Fractional Resource Scheduling versus Batch Scheduling},
  journal      = tpds,
  volume       = 23,
  number       = 3,
  year         = 2012,
  pages        = {521--529}
}

@article{stillwell2010raa,
  author       = {Stillwell, Mark and Schanzenbach, David and Vivien, Fr{\'e}d{\'e}ric and Casanova, Henri},
  title        = {Resource Allocation Algorithms for Virtualized Service Hosting Platforms},
  journal      = jpdc,
  volume       = 70,
  number       = 9,
  year         = 2010,
  pages        = {962--974}
}


% Conference Articles
@inproceedings{stillwell2012vmr,
 title={Virtual machine resource allocation for service hosting on heterogeneous distributed platforms},
  author={Stillwell, Mark and Vivien, Frederic and Casanova, Henri},
  booktitle={Parallel \& Distributed Processing Symposium (IPDPS), 2012 IEEE 26th International},
  pages={786--797},
  year={2012},
  organization={IEEE}
}

@inproceedings{clauss2011sno,
  author       = {Clauss, Pierre-Nicolas and Stillwell, Mark and Genaud, St{\'e}phane and Suter, Fr{\'e}d{\'e}ric and Casanova, Henri and Quinson, Martin},
  title        = {Single Node On-Line Simulation of {MPI} Applications with {SMPI}},
  crossref     = {ipdps11}
}

@inproceedings{stillwell2010dfr,
  author       = {Stillwell, Mark and Vivien, Fr{\'e}d{\'e}ric and Casanova, Henri},
  title        = {Dynamic Fractional Resource Scheduling for {HPC} Workloads},
  crossref     = {ipdps10}
}

@inproceedings{stillwell2009rav,
  author       = {Stillwell, Mark and Schanzenbach, David and Vivien, Fr{\'e}d{\'e}ric and Casanova, Henri},
  title        = {Resource Allocation using Virtual Clusters},
  crossref     = {ccgrid09}
}


% Conference Posters
@inproceedings{stillwell2010dfp,
  author       = {Stillwell, Mark},
  title        = {Dynamic Fractional Resource Scheduling for Cluster Platforms},
  booktitle    = {Proceedings of the 24th {IEEE} International Parallel and Distributed Processing Symposium {PhD} Forum (IPDPS'10 Workshops)},
  month        = apr,
  year         = 2010,
  note         = {research poster presentation}
}


% Technical Reports
@techreport{casanova2011vmr,
  author       = {Casanova, Henri and Stillwell, Mark and Vivien, Fr{\'e}d{\'e}ric},
  title        = {Virtual Machine Resource Allocation for Service Hosting on Heterogeneous Distributed Platforms},
  institution  = inria,
  number       = {RR-7772},
  month        = oct,
  year         = 2011
}

@techreport{beaumont2011sfs,
  author       = {Beaumont, Olivier and Bobelin, Laurent and Casanova, Henri and Clauss, Pierre-Nicolas and Donassolo, Bruno and Eyraud-Dubois, Lionel and Genaud, Stephane and Hunold, Sascha and Legrand, Arnaud and Quinson, Martin and Rosa, Christian and Schnorr, Lucas Mello and Stillwell, Mark and Suter, Frederic and Thiery, Christophe and Velho, Pedro and Vincent, Jean-Marc and Won, Young J.},
  title        = {Towards Scalable, Accurate, and Usable Simulations of Distributed Applications and Systems},
  institution  = inria,
  number       = {RR-7761},
  month        = oct,
  year         = 2011
}

@techreport{casanova2011dfr,
  author       = {Casanova, Henri and Stillwell, Mark and Vivien, Fr{\'e}d{\'e}ric},
  title        = {Dynamic Fractional Resource Scheduling vs. Batch Scheduling},
  institution  = inria,
  number       = {RR-7659},
  month        = jun,
  year         = 2011
}

@techreport{clauss2010sno,
  author       = {Clauss, Pierre-Nicolas and Suter, Fr{\'e}d{\'e}ric and Stillwell, Mark and Casanova, Henri and Genaud, St{\'e}phane and Quinson, Martin},
  title        = {Single Node On-Line Simulation of {MPI} Applications with {SMPI}},
  institution  = inria,
  number       = {RR-7426},
  month        = oct,
  year         = 2010
}

@techreport{stillwell2008rav,
  author       = {Stillwell, Mark and Schanzenbach, David and Vivien, Fr{\'e}d{\'e}ric and Casanova, Henri},
  title        = {Resource Allocation using Virtual Clusters},
  institution  = uhmics,
  number       = {ICS2008-09-01},
  month        = sep, 
  year         = 2008,
  note         = {also available as LIP 2008-33 and INRIA 6692}
}

%Anshul Rai%
@inproceedings{rai2012generalized,
  title={Generalized resource allocation for the cloud},
  author={Rai, Anshul and Bhagwan, Ranjita and Guha, Saikat},
  booktitle={Proceedings of the Third ACM Symposium on Cloud Computing},
  pages={15},
  year={2012},
  organization={ACM}
}

@article{maguluri2014heavy,
  title={Heavy traffic optimal resource allocation algorithms for cloud computing clusters},
  author={Maguluri, Siva Theja and Srikant, R and Ying, Lei},
  journal={Performance Evaluation},
  volume={81},
  pages={20--39},
  year={2014},
  publisher={Elsevier}
}

@article{panigrahy2011heuristics,
  title={Heuristics for vector bin packing},
  author={Panigrahy, Rina and Talwar, Kunal and Uyeda, Lincoln and Wieder, Udi},
  journal={research. microsoft. com},
  year={2011}
}

@article{caprara2001lower,
  title={Lower bounds and algorithms for the 2-dimensional vector packing problem},
  author={Caprara, Alberto and Toth, Paolo},
  journal={Discrete Applied Mathematics},
  volume={111},
  number={3},
  pages={231--262},
  year={2001},
  publisher={Elsevier}
}

@inproceedings{leinberger1999multi,
  title={Multi-capacity bin packing algorithms with applications to job scheduling under multiple constraints},
  author={Leinberger, William and Karypis, George and Kumar, Vipin},
  booktitle={Parallel Processing, 1999. Proceedings. 1999 International Conference on},
  pages={404--412},
  year={1999},
  organization={IEEE}
}

@inproceedings{van2009sla,
  title={SLA-aware virtual resource management for cloud infrastructures},
  author={Van, Hien Nguyen and Tran, Frederic Dang and Menaud, Jean-Marc},
  booktitle={Computer and Information Technology, 2009. CIT'09. Ninth IEEE International Conference on},
  volume={1},
  pages={357--362},
  year={2009},
  organization={IEEE}
}

@inproceedings{bansal2006improved,
  title={Improved approximation algorithms for multidimensional bin packing problems},
  author={Bansal, Nikhil and Caprara, Alberto and Sviridenko, Maxim},
  booktitle={Foundations of Computer Science, 2006. FOCS'06. 47th Annual IEEE Symposium on},
  pages={697--708},
  year={2006},
  organization={IEEE}
}

@article{schellekens2004correspondence,
  title={The correspondence between partial metrics and semivaluations},
  author={Schellekens, Michel P},
  journal={Theoretical Computer Science},
  volume={315},
  number={1},
  pages={135--149},
  year={2004},
  publisher={Elsevier}
}

@book{davey2002introduction,
  title={Introduction to lattices and order},
  author={Davey, Brian A and Priestley, Hilary A},
  year={2002},
  publisher={Cambridge university press}
}

@inproceedings{mannila2000global,
  title={Global partial orders from sequential data},
  author={Mannila, Heikki and Meek, Christopher},
  booktitle={Proceedings of the sixth ACM SIGKDD international conference on Knowledge discovery and data mining},
  pages={161--168},
  year={2000},
  organization={ACM}
}

@article{vakilinia2015modeling,
  title={Modeling of the resource allocation in cloud computing centers},
  author={Vakilinia, Shahin and Ali, Mustafa Mehmet and Qiu, Dongyu},
  journal={Computer Networks},
  volume={91},
  pages={453--470},
  year={2015},
  publisher={Elsevier}
}

%choco3%
@manual{choco3,
  author        = {Charles Prud'homme and Jean-Guillaume Fages and Xavier Lorca},
  title         = {Choco3 Documentation},
  year          = {2014},
  organization  = {TASC, INRIA Rennes, LINA CNRS UMR 6241, COSLING S.A.S.},
  timestamp     = {Thu, 11 May 2015},
  url           = {http://www.choco-solver.org },
}

@incollection{shaw2004constraint,
  title={A constraint for bin packing},
  author={Shaw, Paul},
  booktitle={Principles and Practice of Constraint Programming--CP 2004},
  pages={648--662},
  year={2004},
  publisher={Springer}
}

@inproceedings{korf2003improved,
  title={An improved algorithm for optimal bin packing},
  author={Korf, Richard E}
}

@inproceedings{korf2002new,
  title={A new algorithm for optimal bin packing},
  author={Korf, Richard E},
  booktitle={AAAI/IAAI},
  pages={731--736},
  year={2002}
}

@article{martello1990lower,
  title={Lower bounds and reduction procedures for the bin packing problem},
  author={Martello, Silvano and Toth, Paolo},
  journal={Discrete applied mathematics},
  volume={28},
  number={1},
  pages={59--70},
  year={1990},
  publisher={Elsevier}
}

@manual{mpcx,
  author        = {Maxeler Technologies},
  title         = {MPC-X, https://www.maxeler.com/products/mpc-xseries},
  year          = {2015},
  organization  = {Maxeler Tech.},
 % timestamp     = {Thu, 11 May 2015},
  url           = { https://www.maxeler.com/products/mpc-xseries},
}

@manual{galib,
  author        = {GAlib: A C++ Library of Genetic Algorithm Components},
  title         = {http:// lancet.mit.edu/ga},
  year          = {2010},
  %organization  = {Maxeler Tech.},
 % timestamp     = {Thu, 11 May 2015},
  %url           = { https://www.maxeler.com/products/mpc-xseries},
}

@manual{map,
  author        = {Microsoft Assessment and Planning Toolkit (MAP)},
  title         = {http://www.microsoft.com/map/},
 % year          = {2010},
  }

@inproceedings{nguyen2009autonomic,
  title={Autonomic virtual resource management for service hosting platforms},
  author={Nguyen Van, Hien and Dang Tran, Frederic and Menaud, Jean-Marc},
  booktitle={Proceedings of the 2009 ICSE Workshop on Software Engineering Challenges of Cloud Computing},
  pages={1--8},
  year={2009},
  organization={IEEE Computer Society}
}

@article{urgaonkar2008agile,
  title={Agile dynamic provisioning of multi-tier internet applications},
  author={Urgaonkar, Bhuvan and Shenoy, Prashant and Chandra, Abhishek and Goyal, Pawan and Wood, Timothy},
  journal={ACM Transactions on Autonomous and Adaptive Systems (TAAS)},
  volume={3},
  number={1},
  pages={1},
  year={2008},
  publisher={ACM}
}

@inproceedings{ballani2011towards,
  title={Towards predictable datacenter networks},
  author={Ballani, Hitesh and Costa, Paolo and Karagiannis, Thomas and Rowstron, Ant},
  booktitle={ACM SIGCOMM Computer Communication Review},
  volume={41},
  number={4},
  pages={242--253},
  year={2011},
  organization={ACM}
}

@inproceedings{guo2010secondnet,
  title={Secondnet: a data center network virtualization architecture with bandwidth guarantees},
  author={Guo, Chuanxiong and Lu, Guohan and Wang, Helen J and Yang, Shuang and Kong, Chao and Sun, Peng and Wu, Wenfei and Zhang, Yongguang},
  booktitle={Proceedings of the 6th International COnference},
  pages={15},
  year={2010},
  organization={ACM}
}

@inproceedings{sysv2014,
  title={On Semivaluations and Semimodularity},
  author={Michel Schellekens, Teng Yu, S. Romaguera, O. Valero},
  booktitle={Domains XI International Workshop on domain the- ory and applications},
  year={2014},
}

@book{gratzer2011lattice,
  title={Lattice theory: foundation},
  author={Gr{\"a}tzer, George},
  year={2011},
  publisher={Springer Science \& Business Media}
}

